<collection xmlns="http://www.loc.gov/MARC21/slim">
<record>
  <leader>01062nam0a22002171i 450 </leader>
  <controlfield tag="001">IT\ICCU\CNCE\065739</controlfield>
  <controlfield tag="005">20060808000000.0</controlfield>
  <datafield tag="100" ind1=" " ind2=" ">
    <subfield code="a">20060727d1600        0itac0103    ba</subfield>
  </datafield>
  <datafield tag="101" ind1=" " ind2=" ">
    <subfield code="a">LAT</subfield>
  </datafield>
  <datafield tag="102" ind1=" " ind2=" ">
    <subfield code="a">IT</subfield>
  </datafield>
  <datafield tag="200" ind1="1" ind2=" ">
    <subfield code="a">Guidubaldi e Marchionibus Montis Perspectiuae libri sex</subfield>
  </datafield>
  <datafield tag="210" ind1=" " ind2=" ">
    <subfield code="a">Pisauri</subfield>
    <subfield code="c">apud Hieronymum Concordiam</subfield>
    <subfield code="d">1600</subfield>
  </datafield>
  <datafield tag="215" ind1=" " ind2=" ">
    <subfield code="a">\4!, 310, \2! p.</subfield>
    <subfield code="c">ill.</subfield>
    <subfield code="d">2? (33 cm)</subfield>
  </datafield>
  <datafield tag="300" ind1=" " ind2=" ">
    <subfield code="a">ANNULLATA  !!!!!  vedi 16716Cfr. BLC to 1975, 225:175. -  Segn.: croce2, A-Qq4. -  Ex libris ms.: Bibl. Collegij Nazareni 1728. -  Colloc. preced.: XXVI E 27</subfield>
  </datafield>
  <datafield tag="700" ind1=" " ind2="1">
    <subfield code="a">Del_Monte,</subfield>
    <subfield code="b">Guidobaldo</subfield>
    <subfield code="3">IT\ICCU\CNCA\004737</subfield>
  </datafield>
  <datafield tag="790" ind1=" " ind2="1">
    <subfield code="a">Bourbon Del Monte,</subfield>
    <subfield code="b">Guidubaldo</subfield>
    <subfield code="3">IT\ICCU\CNCA\016582</subfield>
    <subfield code="z">Del_Monte, Guidobaldo</subfield>
  </datafield>
  <datafield tag="790" ind1=" " ind2="1">
    <subfield code="a">Dal_Monte,</subfield>
    <subfield code="b">Guidobaldo</subfield>
    <subfield code="3">IT\ICCU\CNCA\016583</subfield>
    <subfield code="z">Del_Monte, Guidobaldo</subfield>
  </datafield>
  <datafield tag="790" ind1=" " ind2="0">
    <subfield code="a">Guidus Vbaldus</subfield>
    <subfield code="c"> : e#Montis</subfield>
    <subfield code="3">IT\ICCU\CNCA\016584</subfield>
    <subfield code="z">Del_Monte, Guidobaldo</subfield>
  </datafield>
  <datafield tag="790" ind1=" " ind2="1">
    <subfield code="a">Monte,</subfield>
    <subfield code="b">Guidobaldo : del</subfield>
    <subfield code="3">IT\ICCU\CNCA\018366</subfield>
    <subfield code="z">Del_Monte, Guidobaldo</subfield>
  </datafield>
  <datafield tag="801" ind1=" " ind2="3">
    <subfield code="a">IT</subfield>
    <subfield code="b">ICCU</subfield>
    <subfield code="c">20201115</subfield>
  </datafield>
  <datafield tag="899" ind1=" " ind2=" ">
    <subfield code="a">Biblioteca dell&apos;Opera pia del collegio Nazareno. Roma</subfield>
    <subfield code="1">RM0654</subfield>
    <subfield code="2">RMS M4</subfield>
  </datafield>
</record>
</collection>
